@article{ShareASecret,
author = {Shamir, Adi},
year = {1979},
month = {11},
pages = {612-613},
title = {How to Share a Secret},
volume = {22},
journal = {Commun. ACM},
doi = {10.1145/359168.359176}
}

@INPROCEEDINGS{ShareASecret_Blackley,
author = {G. R. Blakley},
booktitle = {Managing Requirements Knowledge, International Workshop on},
title = {Safeguarding cryptographic keys},
year = {1979},
volume = {},
issn = {},
pages = {313},
keywords = {},
doi = {10.1109/AFIPS.1979.98},
url = {https://doi.ieeecomputersociety.org/10.1109/AFIPS.1979.98},
publisher = {IEEE Computer Society},
address = {Los Alamitos, CA, USA},
month = {jun}
}


@inproceedings{PSSS,
  title={Proactive secret sharing or: How to cope with perpetual leakage},
  author={Herzberg, Amir and Jarecki, Stanis{\l}aw and Krawczyk, Hugo and Yung, Moti},
  booktitle={annual international cryptology conference},
  pages={339--352},
  year={1995},
  organization={Springer}
}

@article{ProbSecGold,
title = {Probabilistic encryption},
journal = {Journal of Computer and System Sciences},
volume = {28},
number = {2},
pages = {270-299},
year = {1984},
issn = {0022-0000},
doi = {https://doi.org/10.1016/0022-0000(84)90070-9},
url = {https://www.sciencedirect.com/science/article/pii/0022000084900709},
author = {Shafi Goldwasser and Silvio Micali},
abstract = {A new probabilistic model of data encryption is introduced. For this model, under suitable complexity assumptions, it is proved that extracting any information about the cleartext from the cyphertext is hard on the average for an adversary with polynomially bounded computational resources. The proof holds for any message space with any probability distribution. The first implementation of this model is presented. The security of this implementation is proved under the interactability assumptin of deciding Quadratic Residuosity modulo composite numbers whose factorization is unknown.}
}

@article{GeneralSSS,
  title={Secret sharing scheme realizing general access structure},
  author={Mitsuru Ito and Akira Saito and Takao Nishizeki},
  journal={Electronics and Communications in Japan Part Iii-fundamental Electronic Science},
  year={1989},
  volume={72},
  pages={56-64}
}

@inProceedings{IdealSSS,
author="Brickell, Ernest F.",
editor="Quisquater, Jean-Jacques and Vandewalle, Joos",
title="Some Ideal Secret Sharing Schemes",
booktitle="Advances in Cryptology --- EUROCRYPT '89",
year="1990",
publisher="Springer Berlin Heidelberg",
address="Berlin, Heidelberg",
pages="468--475"
}


@InProceedings{CombATS,
author="Stinson, D. R.
and Vanstone, S. A.",
editor="Pomerance, Carl",
title="A Combinatorial Approach to Threshold Schemes",
booktitle="Advances in Cryptology --- CRYPTO '87",
year="1988",
publisher="Springer Berlin Heidelberg",
address="Berlin, Heidelberg",
pages="330--339"
}


@InProceedings{ReallyShare,
author="Simmons, Gustavus J.",
editor="Goldwasser, Shafi",
title="How to (Really) Share a Secret",
booktitle="Advances in Cryptology --- CRYPTO' 88",
year="1990",
publisher="Springer New York",
address="New York, NY",
pages="390--448"
}

@inproceedings{SecretSurveyB,
  title={Secret-sharing schemes: A survey},
  author={Beimel, Amos},
  booktitle={International conference on coding and cryptology},
  pages={11--46},
  year={2011},
  organization={Springer}
}

@InProceedings{MultiLAmosB,
author="Beimel, Amos
and Ben-Efraim, Aner
and Padr{\'o}, Carles
and Tyomkin, Ilya",
editor="Lindell, Yehuda",
title="Multi-linear Secret-Sharing Schemes",
booktitle="Theory of Cryptography",
year="2014",
publisher="Springer Berlin Heidelberg",
address="Berlin, Heidelberg",
pages="394--418",
isbn="978-3-642-54242-8"
}


@inproceedings{CBlundo1993Efficient,
  title={Efficient Sharing of Many Secrets},
  author={Carlo Blundo and Alfredo De Santis and Ugo Vaccaro},
  booktitle={STACS},
  year={1993}
}



@article{Reed-Solomon,
author = {McEliece, R. J. and Sarwate, D. V.},
title = {On Sharing Secrets and Reed-Solomon Codes},
year = {1981},
issue_date = {Sept. 1981},
publisher = {Association for Computing Machinery},
address = {New York, NY, USA},
volume = {24},
number = {9},
issn = {0001-0782},
url = {https://doi.org/10.1145/358746.358762},
doi = {10.1145/358746.358762},
abstract = {Shamir's scheme for sharing secrets is closely related to Reed-Solomon coding schemes. Decoding algorithms for Reed-Solomon codes provide extensions and generalizations of Shamir's method.},
journal = {Commun. ACM},
month = {sep},
pages = {583–584},
numpages = {2},
keywords = {interpolation, secret sharing systems, cryptography, privacy, key management, Reed-Solomon codes}
}



@inproceedings{RampBlackleyMeadows,
author = {Blakley, G R and Meadows, Catherine},
title = {Security of Ramp Schemes},
year = {1985},
isbn = {0387156585},
publisher = {Springer-Verlag},
address = {Berlin, Heidelberg},
booktitle = {Proceedings of CRYPTO 84 on Advances in Cryptology},
pages = {242–268},
numpages = {27},
location = {Santa Barbara, California, USA}
}


@article{1985VerifiableGoldW,
  title={Verifiable secret sharing and achieving simultaneity in the presence of faults},
  author={Benny Chor and Shafi Goldwasser and Silvio Micali and Baruch Awerbuch},
  journal={26th Annual Symposium on Foundations of Computer Science (sfcs 1985)},
  year={1985},
  pages={383-395}
}


@article{HierarchicalT,
author = {Tassa, Tamir},
year = {2007},
month = {01},
pages = {237-264},
title = {Hierarchical Threshold Secret Sharing},
volume = {20},
journal = {Journal of Cryptology},
doi = {10.1007/s00145-006-0334-8}
}


@article{Rabin1994RobustSO,
  title={Robust sharing of secrets when the dealer is honest or cheating},
  author={Tal Rabin},
  journal={J. ACM},
  year={1994},
  volume={41},
  pages={1089-1109}
}



@article{PracticalThresholdS,
author = {Shoup, Victor},
year = {2000},
month = {11},
pages = {14},
title = {Practical Threshold Signatures},
isbn = {978-3-540-67517-4},
journal = {EUROCRYPT 2000. LNCS},
doi = {10.1007/3-540-45539-6_15}
}


@inproceedings{Threshold_Cr,
author="Desmedt, Yvo and Frankel, Yair",
editor="Brassard, Gilles",
title="Threshold cryptosystems",
booktitle="Advances in Cryptology --- CRYPTO' 89 Proceedings",
year="1990",
publisher="Springer New York",
address="New York, NY",
pages="307--315"
}


@ARTICLE{ElGamal, 
author={Elgamal, T.},  
journal={IEEE Transactions on Information Theory},   
title={A public key cryptosystem and a signature scheme based on discrete logarithms},   
year={1985},  
volume={31},  
number={4},  
pages={469-472},  
doi={10.1109/TIT.1985.1057074}
}

@InProceedings{DistiSSH,
author="Harchol, Yotam
and Abraham, Ittai
and Pinkas, Benny",
editor="Preneel, Bart
and Vercauteren, Frederik",
title="Distributed SSH Key Management with Proactive RSA Threshold Signatures",
booktitle="Applied Cryptography and Network Security",
year="2018",
publisher="Springer International Publishing",
address="Cham",
pages="22--43",
abstract="SSH"
}

@article{PerfectGraph,
author = {Csirmaz, László},
year = {2005},
month = {01},
pages = {59},
title = {Secret sharing schemes on graphs},
volume = {2005},
journal = {IACR Cryptology ePrint Archive},
doi = {10.1556/SScMath.2007.1021}
}

@InProceedings{IdealMultipartite,
author="Farr{\`a}s, Oriol
and Mart{\'i}-Farr{\'e}, Jaume
and Padr{\'o}, Carles",
editor="Naor, Moni",
title="Ideal Multipartite Secret Sharing Schemes",
booktitle="Advances in Cryptology - EUROCRYPT 2007",
year="2007",
publisher="Springer Berlin Heidelberg",
address="Berlin, Heidelberg",
pages="448--465",
abstract="Multipartite secret sharing schemes"
}


@article{RampImproved,
title = {An application of ramp schemes to broadcast encryption},
journal = {Information Processing Letters},
volume = {69},
number = {3},
pages = {131-135},
year = {1999},
issn = {0020-0190},
doi = {https://doi.org/10.1016/S0020-0190(98)00204-X},
url = {https://www.sciencedirect.com/science/article/pii/S002001909800204X},
author = {D.R. Stinson and R. Wei},
keywords = {Cryptography, Broadcast encryption, Secret sharing schemes, Combinatorial designs},
abstract = {Broadcast}
}

@InProceedings{H_ID,
author="Gentry, Craig
and Silverberg, Alice",
editor="Zheng, Yuliang",
title="Hierarchical ID-Based Cryptography",
booktitle="Advances in Cryptology --- ASIACRYPT 2002",
year="2002",
publisher="Springer Berlin Heidelberg",
address="Berlin, Heidelberg",
pages="548--566",
abstract="We present hierarchical identity-based encryption schemes",
isbn="978-3-540-36178-7"
}


@InProceedings{PracticalPublicVer,
author="Jhanwar, Mahabir Prasad",
editor="Bao, Feng
and Weng, Jian",
title="A Practical (Non-interactive) Publicly Verifiable Secret Sharing Scheme",
booktitle="Information Security Practice and Experience",
year="2011",
publisher="Springer Berlin Heidelberg",
address="Berlin, Heidelberg",
pages="273--287",
abstract="A publicly"
}

@misc{Berlekamp-Welch,
 title={Error correction for algebraic block codes},
 author={Lloyd R. Welch and Elwyn R. Berlekamp},
 year={U.S. Patent US4633470A, Dec. 30, 1986 }
 }